<?xml version="1.0" encoding="UTF-8"?><collection xmlns="info:lc/xmlns/marcxchange-v1" xmlns:xsi="http://www.w3.org/2001/XMLSchema-instance" xsi:schemaLocation="info:lc/xmlns/marcxchange-v1 http://www.loc.gov/standards/iso25577/marcxchange-1-1.xsd"><record format="MARC21" type="Bibliographic"><leader>01488cam  2200349 a 4500</leader><controlfield tag="001">11939876</controlfield><controlfield tag="005">20041229190604.0</controlfield><controlfield tag="008">000313s2000    nyu           000 1 eng  </controlfield><datafield tag="906" ind1=" " ind2=" "><subfield code="a">7</subfield><subfield code="b">cbc</subfield><subfield code="c">orignew</subfield><subfield code="d">1</subfield><subfield code="e">ocip</subfield><subfield code="f">20</subfield><subfield code="g">y-gencatlg</subfield></datafield><datafield tag="925" ind1="0" ind2=" "><subfield code="a">acquire</subfield><subfield code="b">2 shelf copies</subfield><subfield code="x">policy default</subfield></datafield><datafield tag="955" ind1=" " ind2=" "><subfield code="a">to HLCD pc03 03-13-00; lh08 to subj. 03-14-00; lh06 03-22-00; lk02 03-22-00; to Dewey 03-22-00; aa05 03-23-00;  ps13 2001-11-06 bk rec'd, to CIP ver.</subfield><subfield code="f">pv08 2001-11-07 CIP ver. to BCCD</subfield></datafield><datafield tag="010" ind1=" " ind2=" "><subfield code="a">   00029063 </subfield></datafield><datafield tag="020" ind1=" " ind2=" "><subfield code="a">0679450041 (acid-free paper)</subfield></datafield><datafield tag="040" ind1=" " ind2=" "><subfield code="a">DLC</subfield><subfield code="c">DLC</subfield><subfield code="d">DLC</subfield></datafield><datafield tag="043" ind1=" " ind2=" "><subfield code="a">n-us-ny</subfield></datafield><datafield tag="050" ind1="0" ind2="0"><subfield code="a">PS3553.H15</subfield><subfield code="b">A82 2000</subfield></datafield><datafield tag="082" ind1="0" ind2="0"><subfield code="a">813/.54</subfield><subfield code="2">21</subfield></datafield><datafield tag="100" ind1="1" ind2=" "><subfield code="a">Chabon, Michael.</subfield></datafield><datafield tag="245" ind1="1" ind2="4"><subfield code="a">The amazing adventures of Kavalier and Clay :</subfield><subfield code="b">a novel /</subfield><subfield code="c">Michael Chabon.</subfield></datafield><datafield tag="260" ind1=" " ind2=" "><subfield code="a">New York :</subfield><subfield code="b">Random House,</subfield><subfield code="c">c2000.</subfield></datafield><datafield tag="300" ind1=" " ind2=" "><subfield code="a">639 p. ;</subfield><subfield code="c">25 cm.</subfield></datafield><datafield tag="650" ind1=" " ind2="0"><subfield code="a">Comic books, strips, etc.</subfield><subfield code="x">Authorship</subfield><subfield code="v">Fiction.</subfield></datafield><datafield tag="650" ind1=" " ind2="0"><subfield code="a">Heroes in mass media</subfield><subfield code="v">Fiction.</subfield></datafield><datafield tag="650" ind1=" " ind2="0"><subfield code="a">Czech Americans</subfield><subfield code="v">Fiction.</subfield></datafield><datafield tag="651" ind1=" " ind2="0"><subfield code="a">New York (N.Y.)</subfield><subfield code="v">Fiction.</subfield></datafield><datafield tag="650" ind1=" " ind2="0"><subfield code="a">Young men</subfield><subfield code="v">Fiction.</subfield></datafield><datafield tag="650" ind1=" " ind2="0"><subfield code="a">Cartoonists</subfield><subfield code="v">Fiction.</subfield></datafield><datafield tag="655" ind1=" " ind2="7"><subfield code="a">Humorous stories.</subfield><subfield code="2">gsafd</subfield></datafield><datafield tag="655" ind1=" " ind2="7"><subfield code="a">Bildungsromane.</subfield><subfield code="2">gsafd</subfield></datafield><datafield tag="856" ind1="4" ind2="2"><subfield code="3">Contributor biographical information</subfield><subfield code="u">http://www.loc.gov/catdir/bios/random052/00029063.html</subfield></datafield><datafield tag="856" ind1="4" ind2="1"><subfield code="3">Sample text</subfield><subfield code="u">http://www.loc.gov/catdir/samples/random044/00029063.html</subfield></datafield><datafield tag="856" ind1="4" ind2="2"><subfield code="3">Publisher description</subfield><subfield code="u">http://www.loc.gov/catdir/description/random0411/00029063.html</subfield></datafield></record>