<record format="MARC21" type="Bibliographic"><leader>01185cam  2200301 a 4500</leader><controlfield tag="001">12883376</controlfield><controlfield tag="005">20030616111422.0</controlfield><controlfield tag="008">020805s2002    nyu    j      000 1 eng  </controlfield><datafield tag="906" ind1=" " ind2=" "><subfield code="a">7</subfield><subfield code="b">cbc</subfield><subfield code="c">orignew</subfield><subfield code="d">1</subfield><subfield code="e">ocip</subfield><subfield code="f">20</subfield><subfield code="g">y-gencatlg</subfield></datafield><datafield tag="925" ind1="0" ind2=" "><subfield code="a">acquire</subfield><subfield code="b">2 shelf copies</subfield><subfield code="x">policy default</subfield></datafield><datafield tag="955" ind1=" " ind2=" "><subfield code="a">pc14 2002-08-05 to HLCD</subfield><subfield code="c">lh08 2002-08-06 to subj.;</subfield><subfield code="d">lb11 2002-09-05</subfield><subfield code="e">lb05 2002-09-06 to cip</subfield><subfield code="a">ps09 2003-03-04 1 copy rec'd., to CIP ver.</subfield><subfield code="f">pv01 2003-03-17 CIP ver to BCCD</subfield><subfield code="a">ld11 2003-05-12 cp2 to BCCD</subfield></datafield><datafield tag="010" ind1=" " ind2=" "><subfield code="a">  2002027497</subfield></datafield><datafield tag="020" ind1=" " ind2=" "><subfield code="a">0786808772</subfield></datafield><datafield tag="020" ind1=" " ind2=" "><subfield code="a">0786816155 (pbk.)</subfield></datafield><datafield tag="040" ind1=" " ind2=" "><subfield code="a">DLC</subfield><subfield code="c">DLC</subfield><subfield code="d">DLC</subfield></datafield><datafield tag="042" ind1=" " ind2=" "><subfield code="a">lcac</subfield></datafield><datafield tag="050" ind1="0" ind2="0"><subfield code="a">PZ7.C3315</subfield><subfield code="b">Su 2002</subfield></datafield><datafield tag="082" ind1="0" ind2="0"><subfield code="a">[Fic]</subfield><subfield code="2">21</subfield></datafield><datafield tag="100" ind1="1" ind2=" "><subfield code="a">Chabon, Michael.</subfield></datafield><datafield tag="245" ind1="1" ind2="0"><subfield code="a">Summerland /</subfield><subfield code="c">Michael Chabon.</subfield></datafield><datafield tag="250" ind1=" " ind2=" "><subfield code="a">1st ed.</subfield></datafield><datafield tag="260" ind1=" " ind2=" "><subfield code="a">New York :</subfield><subfield code="b">Miramax Books/Hyperion Books for Children,</subfield><subfield code="c">c2002.</subfield></datafield><datafield tag="300" ind1=" " ind2=" "><subfield code="a">500 p. ;</subfield><subfield code="c">22 cm.</subfield></datafield><datafield tag="520" ind1=" " ind2=" "><subfield code="a">Ethan Feld, the worst baseball player in the history of the game, finds himself recruited by a 100-year-old scout to help a band of fairies triumph over an ancient enemy.</subfield></datafield><datafield tag="650" ind1=" " ind2="1"><subfield code="a">Fantasy.</subfield></datafield><datafield tag="650" ind1=" " ind2="1"><subfield code="a">Baseball</subfield><subfield code="v">Fiction.</subfield></datafield><datafield tag="650" ind1=" " ind2="1"><subfield code="a">Magic</subfield><subfield code="v">Fiction.</subfield></datafield><datafield tag="952" ind1=" " ind2=" "><subfield code="a">II lb11 09-05-02</subfield></datafield></record></collection>